@article{gutierrez-jorqueraFullyCoupledHighorder2022,
 title = {A fully coupled high-order discontinuous {Galerkin} method for diffusion flames in a low-{Mach} number framework},
 volume = {94},
 issn = {1097-0363},
 url = {https://onlinelibrary.wiley.com/doi/abs/10.1002/fld.5056},
 doi = {10.1002/fld.5056},
 language = {en},
 number = {4},
 urldate = {2022-03-20},
 journal = {International Journal for Numerical Methods in Fluids},
 author = {Gutiérrez, Juan and Kummer, Florian},
 year = {2022},
 keywords = {diffusion flames, discontinuous Galerkin, high-order methods, low-Mach equations, Newton method},
 pages = {316--345},
}
@article{henriquez-vargasImplementationParallelADI2017,
 title = {Implementation of a parallel {ADI} algorithm on a finite volume {GPU}-based elementary porous media flow computation},
 volume = {39},
 doi = {10.1007/s40430-017-0882-x},
 journal = {Journal of the Brazilian Society of Mechanical Sciences and Engineering},
 author = {Henríquez-Vargas, Luis and Villarroel, Eduardo and Gutiérrez, Juan and Donoso-García, Pablo},
 month = aug,
 year = {2017},
}
